@book{mitic,
  author    = {Pang-Ning Tan and Michael Steinbach and Vipin Kumar}, 
  title     = {Introduction to Data Mining},
  publisher = {Addison-Wesley Longman Publishing Co., Inc.},
  year      = {2005}
}

@unpublished{mladen,
  author       = {Mladen Nikolić and Anđelka Zečević}, 
  title        = {Mašinsko Učenje},
  year         = {2018}
}

@misc{mlm-how-alghoritms-work,
  author       = {Jason Brownlee}, 
  title		   = {How Machine Learning Algorithms Work (they learn a mapping of input to output)},
  howpublished = {\url{https://machinelearningmastery.com/how-machine-learning-algorithms-work/}}
}

@misc{mlm-logistic-regression,
  author       = {Jason Brownlee}, 
  title        = {Logistic Regression for Machine Learning},
  howpublished = {\url{https://machinelearningmastery.com/logistic-regression-for-machine-learning/}}
}

@misc{python-blurb,
  title        = {What is Python? Executive Summary},
  howpublished = {\url{https://www.python.org/doc/essays/blurb/}}
}

@misc{python-history,
  title 			  = {History of Python},
  howpublished        = {\url{https://www.python-course.eu/python3_history_and_philosophy.php}}
}

@misc{python-dates,
  title 			  = {A Brief Timeline of Python},
  howpublished        = {\url{https://python-history.blogspot.com/2009/01/brief-timeline-of-python.html}}
}

@misc{pandas,
  title        = {pandas: powerful {Python} data analysis toolkit},
  howpublished = {\url{https://pandas.pydata.org/pandas-docs/stable/}}
}

@misc{scikit-learn,
  title				  = {scikit-learn: {Machine Learning in Python}},
  howpublished        = {\url{http://scikit-learn.org/stable/index.html}}
}

@misc{matplotlib,
  title				  = {Matplotlib.org},
  howpublished        = {\url{https://matplotlib.org/}}
}

@misc{scipy,
  title        = {SciPy.org},
  howpublished = {\url{https://www.scipy.org/}}
}

@misc{scipy-about,
  title				  = {SciPy.org: Scientific Computing Tools for Python},
  howpublished        = {https://www.scipy.org/about.html}}
}

@misc{scipy-quickstart,
  title				  = {SciPy.org: Quickstart tutorial},
  howpublished        = {\url{https://docs.scipy.org/doc/numpy/user/quickstart.html}}
}
